% Bibliography file for the HFU template
% Supports IEEE and APA citation styles

% Book
@book{example_book,
	author = {Smith, John and Doe, Jane},
	title = {Fundamentals of Computer Science},
	publisher = {Springer},
	year = {2023},
	address = {Berlin, Germany},
	edition = {3rd},
	isbn = {978-3-540-12345-6}
}

% Journal article
@article{example_article,
	author = {Johnson, Michael and Brown, Sarah},
	title = {Modern Software Development: Trends and Challenges},
	journal = {IEEE Software},
	volume = {40},
	number = {3},
	pages = {45--52},
	year = {2023},
	doi = {10.1109/MS.2023.1234567}
}

% Conference paper
@inproceedings{example_conference,
	author = {Wang, Li and Garcia, Maria},
	title = {Machine Learning Applications in Software Engineering},
	booktitle = {Proceedings of the 45th International Conference on Software Engineering},
	year = {2023},
	pages = {123--135},
	address = {Melbourne, Australia},
	publisher = {ACM},
	doi = {10.1145/3510003.3510123}
}

% Online source
@online{example_web,
	author = {{Mozilla Developer Network}},
	title = {Introduction to Web Development},
	url = {https://developer.mozilla.org/en-US/docs/Learn},
	urldate = {2023-12-15},
	year = {2023}
}

% Technical report
@techreport{example_report,
	author = {Miller, Robert},
	title = {Analysis of Cloud Computing Security Frameworks},
	institution = {IEEE Computer Society},
	year = {2023},
	number = {TR-2023-05},
	type = {Technical Report}
}

% Master's thesis
@mastersthesis{example_thesis,
	author = {Anderson, Alex},
	title = {Development of a Web-Based Application for Data Analysis},
	school = {Furtwangen University},
	year = {2022},
	type = {Master's Thesis},
	address = {Furtwangen, Germany}
}

% Standard/Norm
@misc{example_standard,
	title = {{ISO/IEC 25010:2011} -- Systems and Software Engineering},
	organization = {International Organization for Standardization},
	year = {2011},
	note = {Software Product Quality Requirements and Evaluation (SQuaRE)}
}

% Deutsche Quelle - Buch
@book{german_book,
	author = {Müller, Hans and Schmidt, Anna},
	title = {Einführung in die Softwareentwicklung},
	publisher = {Hanser Verlag},
	year = {2023},
	address = {München},
	edition = {2.},
	isbn = {978-3-446-12345-7}
}

% Deutsche Quelle - Artikel
@article{german_article,
	author = {Weber, Klaus and Fischer, Maria},
	title = {Moderne Ansätze der Datenanalyse in der Informatik},
	journal = {Informatik Spektrum},
	volume = {46},
	number = {2},
	pages = {89--97},
	year = {2023},
	doi = {10.1007/s00287-023-01234-5}
}

% HFU-spezifische Quelle
@article{hfu_example,
	author = {Schneider, Niels and Schaub, Cornelius},
	title = {FlinkCEP zur räumlichen Clustererkennung},
	journal = {Informatik Journal -- Aktuelle Berichte aus Forschung und Lehre der Fakultät Informatik},
	number = {13},
	pages = {23--28},
	year = {2022},
	publisher = {Hochschule Furtwangen},
	url = {https://opus.hs-furtwangen.de/solrsearch/index/search/searchtype/collection/id/16534}
}
